<record><leader>00000cas a2200000 a 4500</leader><controlfield tag="001">26289519</controlfield><controlfield tag="008">920730d189u1903iluwr ne      0   a0eng c</controlfield><datafield ind1=" " ind2=" " tag="010"><subfield code="a">sn 92053328 </subfield></datafield><datafield ind1=" " ind2=" " tag="040"><subfield code="a">NVF</subfield><subfield code="b">eng</subfield><subfield code="c">NVF</subfield><subfield code="d">OCLCQ</subfield><subfield code="d">NVF</subfield><subfield code="d">OCLCF</subfield><subfield code="d">OCLCO</subfield></datafield><datafield ind1="1" ind2=" " tag="029"><subfield code="a">AU@</subfield><subfield code="b">000020743577</subfield></datafield><datafield ind1=" " ind2=" " tag="042"><subfield code="a">pcc</subfield></datafield><datafield ind1=" " ind2=" " tag="043"><subfield code="a">n-us-il</subfield></datafield><datafield ind1="0" ind2=" " tag="130"><subfield code="a">Enterprise-herald (Abingdon, Ill.)</subfield></datafield><datafield ind1="1" ind2="4" tag="245"><subfield code="a">The enterprise-herald.</subfield></datafield><datafield ind1="3" ind2=" " tag="246"><subfield code="a">Enterprise herald</subfield></datafield><datafield ind1=" " ind2=" " tag="260"><subfield code="a">Abingdon, Ill. :</subfield><subfield code="b">Killough &amp; Cleveland</subfield></datafield><datafield ind1=" " ind2=" " tag="300"><subfield code="a">v.</subfield></datafield><datafield ind1=" " ind2=" " tag="310"><subfield code="a">Weekly</subfield></datafield><datafield ind1="1" ind2=" " tag="362"><subfield code="a">Ceased in 1903.</subfield></datafield><datafield ind1=" " ind2=" " tag="580"><subfield code="a">Formed by the union of: Abingdon enterprise and: Herald (Abingdon, Ill.).</subfield></datafield><datafield ind1=" " ind2=" " tag="588"><subfield code="a">Description based on: Volume 16, number 4 (Aug. 9, 1895).</subfield></datafield><datafield ind1=" " ind2=" " tag="588"><subfield code="a">Latest issue consulted: June 12, 1903.</subfield></datafield><datafield ind1=" " ind2="0" tag="651"><subfield code="a">Abingdon (Ill.)</subfield><subfield code="v">Newspapers.</subfield></datafield><datafield ind1=" " ind2="7" tag="655"><subfield code="a">Newspapers.</subfield><subfield code="2">fast</subfield><subfield code="0">(OCoLC)fst01423814</subfield></datafield><datafield ind1=" " ind2="7" tag="651"><subfield code="a">Illinois</subfield><subfield code="z">Abingdon.</subfield><subfield code="2">fast</subfield><subfield code="0">(OCoLC)fst01227031</subfield></datafield><datafield ind1=" " ind2=" " tag="752"><subfield code="a">United States</subfield><subfield code="b">Illinois</subfield><subfield code="c">Knox</subfield><subfield code="d">Abingdon.</subfield></datafield><datafield ind1="1" ind2="4" tag="780"><subfield code="t">Abingdon enterprise</subfield><subfield code="w">(DLC)sn 92053327</subfield><subfield code="w">(OCoLC)26289464</subfield></datafield><datafield ind1="1" ind2="4" tag="780"><subfield code="t">Herald (Abingdon, Ill.)</subfield></datafield><datafield ind1="0" ind2="0" tag="785"><subfield code="t">Abingdon enterprise-herald</subfield><subfield code="w">(DLC)sn 92053329</subfield><subfield code="w">(OCoLC)26289562</subfield></datafield></record>